<record><leader>00000cas a2200000 i 4500</leader><controlfield tag="001">769590669</controlfield><controlfield tag="006">m     o  d        </controlfield><controlfield tag="007">cr cn|||||||||</controlfield><controlfield tag="008">111206c19919999mtuwr neo    u0    0eng c</controlfield><datafield ind1=" " ind2=" " tag="010"><subfield code="a">  2015238503</subfield></datafield><datafield ind1=" " ind2=" " tag="040"><subfield code="a">CNCGM</subfield><subfield code="b">eng</subfield><subfield code="e">rda</subfield><subfield code="c">CNCGM</subfield><subfield code="d">OCLCQ</subfield><subfield code="d">IUL</subfield><subfield code="d">AMH</subfield><subfield code="d">OCLCF</subfield><subfield code="d">HTM</subfield><subfield code="d">OCLCQ</subfield></datafield><datafield ind1=" " ind2=" " tag="019"><subfield code="a">50263922</subfield><subfield code="a">664589893</subfield><subfield code="a">839798604</subfield></datafield><datafield ind1=" " ind2=" " tag="042"><subfield code="a">pcc</subfield></datafield><datafield ind1=" " ind2=" " tag="043"><subfield code="a">n-us-mt</subfield></datafield><datafield ind1="1" ind2="4" tag="050"><subfield code="a">PN4899.M9</subfield><subfield code="b">M57</subfield></datafield><datafield ind1="0" ind2=" " tag="130"><subfield code="a">Missoula Independent (Online)</subfield></datafield><datafield ind1="1" ind2="0" tag="245"><subfield code="a">Missoula independent.</subfield></datafield><datafield ind1=" " ind2="1" tag="264"><subfield code="a">Missoula, MT :</subfield><subfield code="b">Hidden Mountain Pub. :</subfield><subfield code="b">Missoula Independent</subfield></datafield><datafield ind1=" " ind2=" " tag="300"><subfield code="a">online resource</subfield></datafield><datafield ind1=" " ind2=" " tag="310"><subfield code="a">Weekly</subfield></datafield><datafield ind1=" " ind2=" " tag="336"><subfield code="a">text</subfield><subfield code="b">txt</subfield><subfield code="2">rdacontent</subfield></datafield><datafield ind1=" " ind2=" " tag="337"><subfield code="a">computer</subfield><subfield code="b">c</subfield><subfield code="2">rdamedia</subfield></datafield><datafield ind1=" " ind2=" " tag="338"><subfield code="a">online resource</subfield><subfield code="b">cr</subfield><subfield code="2">rdacarrier</subfield></datafield><datafield ind1="1" ind2=" " tag="362"><subfield code="a">Print began with issue for Mar. 7, 1991.</subfield></datafield><datafield ind1=" " ind2=" " tag="500"><subfield code="a">"Western Montana's weekly journal of people, politics and culture."</subfield></datafield><datafield ind1=" " ind2=" " tag="588"><subfield code="a">Description based on print version.</subfield></datafield><datafield ind1=" " ind2=" " tag="588"><subfield code="a">Latest issue consulted: Vol. 26, no. 23 (June 4-11, 2015).</subfield></datafield><datafield ind1=" " ind2="0" tag="651"><subfield code="a">Missoula (Mont.)</subfield><subfield code="v">Newspapers.</subfield></datafield><datafield ind1=" " ind2="4" tag="650"><subfield code="a">Electronic journals.</subfield></datafield><datafield ind1=" " ind2="7" tag="651"><subfield code="a">Montana</subfield><subfield code="z">Missoula.</subfield><subfield code="2">fast</subfield><subfield code="0">(OCoLC)fst01210237</subfield></datafield><datafield ind1=" " ind2="7" tag="655"><subfield code="a">Newspapers.</subfield><subfield code="2">fast</subfield><subfield code="0">(OCoLC)fst01423814</subfield></datafield><datafield ind1=" " ind2=" " tag="752"><subfield code="a">United States</subfield><subfield code="b">Montana</subfield><subfield code="c">Missoula</subfield><subfield code="d">Missoula.</subfield></datafield><datafield ind1="0" ind2="8" tag="776"><subfield code="i">Print version:</subfield><subfield code="t">Missoula independent</subfield><subfield code="w">(OCoLC)42312988</subfield></datafield><datafield ind1="4" ind2="0" tag="856"><subfield code="u">http://WC2VB5MT8E.search.serialssolutions.com/?sid=sersol&amp;SS_jc=JC_000075806&amp;title=Missoula+Independent</subfield></datafield><datafield ind1="4" ind2="0" tag="856"><subfield code="u">http://proquest.umi.com/pqdweb?RQT=318&amp;TS=1178278890&amp;clientId=13370&amp;VType=PQD&amp;VName=PQD&amp;VInst=PROD&amp;pmid=58690&amp;PageNum=1</subfield></datafield><datafield ind1="4" ind2=" " tag="856"><subfield code="u">http://missoulanews.bigskypress.com/missoula/ArticleArchives</subfield></datafield><datafield ind1="1" ind2=" " tag="029"><subfield code="a">AU@</subfield><subfield code="b">000050334906</subfield></datafield></record>